@article{fox1988,
  title={Spectra of van der Waals complexes (dimers) with applications to planetary atmospheres},
  author={Fox, Kenneth and Kim, Sang J},
  journal={Journal of Quantitative Spectroscopy and Radiative Transfer},
  volume={40},
  number={3},
  pages={177--184},
  year={1988},
  publisher={Elsevier}
}

@article{vonparis2013,
  title={N$_2-$associated surface warming on early Mars},
  author={von Paris, Philip and Grenfell, J Lee and Rauer, Heike and Stock, Joachim W},
  journal={Planetary and Space Science},
  volume={82},
  pages={149--154},
  year={2013},
  publisher={Elsevier}
}

@article{mckay1991,
  title={The greenhouse and antigreenhouse effects on Titan},
  author={McKay, Christopher P and Pollack, James B and Courtin, Regis},
  journal={Science},
  volume={253},
  number={5024},
  pages={1118--1121},
  year={1991},
  publisher={American Association for the Advancement of Science}
}

@article{kranendonk1973,
  title={Theory of the line shape in quadrupole-induced infrared spectra},
  author={Kranendonk, J Van and Gass, DM},
  journal={Canadian Journal of Physics},
  volume={51},
  number={23},
  pages={2428--2440},
  year={1973},
  publisher={NRC Research Press}
}

@article{oparin2017,
  title={Effect of stable and metastable dimers on collision-induced rototranslational spectra: Carbon dioxide--rare gas mixtures},
  author={Oparin, Daniil V and Filippov, Nikolai N and Grigoriev, Ivan M and Kouzov, Alexander P},
  journal={Journal of Quantitative Spectroscopy and Radiative Transfer},
  volume={196},
  pages={87--93},
  year={2017},
  publisher={Elsevier}
}

@article{karman2015,
  title={Quantum mechanical calculation of the collision-induced absorption spectra of N$_2-$N$_2$ with anisotropic interactions},
  author={Karman, Tijs and Miliordos, Evangelos and Hunt, Katharine LC and Groenenboom, Gerrit C and van der Avoird, Ad},
  journal={The Journal of chemical physics},
  volume={142},
  number={8},
  pages={084306},
  year={2015},
  publisher={AIP Publishing}
}

@article{yulia,
    author={\text{Калугина Ю.Н.}},
    year = {},
    title={Неопубликованные материалы}
}

@article{petrov2015,
  title={Trajectory analysis of the rotational dynamics of molecules},
  author={Petrov, SV and Lokshtanov, SE},
  journal={Journal of Experimental and Theoretical Physics},
  volume={121},
  number={2},
  pages={186--193},
  year={2015},
  publisher={Springer}
}

@article{sundials,
  title={{SUNDIALS}: Suite of nonlinear and differential/algebraic equation solvers},
  author={Hindmarsh, Alan C and Brown, Peter N and Grant, Keith E and Lee, Steven L and Serban, Radu and Shumaker, Dan E and Woodward, Carol S},
  journal={ACM Transactions on Mathematical Software (TOMS)},
  volume={31},
  number={3},
  pages={363--396},
  year={2005},
  publisher={ACM}
}

@article{wordsworth2017,
  title={Transient reducing greenhouse warming on early Mars},
  author={Wordsworth, Robin and Kalugina, Yulia and Lokshtanov, Sergei and Vigasin, Andrei and Ehlmann, Bethany and Head, James and Sanders, Cecilia and Wang, Huize},
  journal={Geophysical Research Letters},
  volume={44},
  number={2},
  pages={665--671},
  year={2017},
  publisher={Wiley Online Library}
}

