@article{hutson1996,
  author = "J. M. Hutson and A. Ernesti and  M.M. Law and C. F. Roche and  R. Wheatley",
  journal = {J. Chem. Phys.},
  volume = {105},
  pages = {9130},
  year = {1996}
}

@article{parker1976,
  author = "G. A. Parker and R. L. Snow and R.T.Pack",
  journal = {J. Chem. Phys.},
  volume = {64},
  pages = {1668},
  year = {1976}
}

@book{hirsch,
    title = {Молекулярная теория газов и жидкостей},
    author = {Гиршфельдер, Кертисс, Берд.},
    publisher = {ИЛ},
    year = {1961}
}

@book{meyson,
  title = {Вириальное уравнение состояния},
  author = {Э. Мейсон and Т. Сперлинг},
  publisher = {МИР},
  year = {1972}
}

@article{rowlin1964,
  author = "Rowlinson J.S.",
  journal = "Mol. Phys.",
  volume = "7",
  pages = "593",
  year = "1964"
}

@article{lepage1978,
  author = "G. P. Lepage",
  journal = "J. Comput. Phys",
  volume = "27",
  pages = "192",
  year = "1978"
}

@article{vegas,
  author = "G. P. Lepage",
  url = "https://github.com/gplepage/vegas"
}
