@article{petrov2015,
  author =       "С.В. Петров, С.Е. Локштанов",
  title  =       "Траекторный анализ вращательной динамики молекул",
  journal =      "ЖЭТФ",
  volume =       "148",
  issue =        "2(8)",
  pages =        "219-227",
  year =         "2015"
}

@article{makar1998,
  author = "J. Makarewicz",
  title = "Rovibrational energy surfaces of triatomic water-like molecules", 
  journal = "J. Chem. Phys.",
  volume = "108",
  pages = "469-479",
  year = "1998" 
}

@article{kozin1997,
  author = "И. Н. Козин, И. М. Павличенков",
  title = "Бифуркация во вращательных спектрах нелинейных симметричных трехатомных молекул",
  journal = "ЖЭТФ",
  volume = "112",
  issue = "4(10)",
  year = "1997"
}
  
  
  
  
  
  
  
  
  
  
  
  
  
  
  
  
  
  
  
  
