@article{mycitation1,
	author = {some guy},
	title = {paper name 1},
	journal = {some journal},
	date = {2013},
}
