@article{janssen1885,
  author = {J. Janssen},
  journal = {Comptes Rendus Acad. Sci.},
  title = {},
  volume = {101},
  number = {649},
  year = {1885}
}

@article{janssen1886,
  author = {J. Janssen},
  journal = {Comptes Rendus Acad. Sci.},
  title = {},
  volume = {102},
  issue = {1352},
  year = {1886}
}

@book{cohentanuji,
   title =     {Квантовая механика},
   author =    {Коэн-Таннуджи К., Диу Б., Лалоэ Ф.},
   publisher = {Издательство Уральского университета},
   year =      {2000},
   series =    {},
   edition =   {},
}

@book{greiner,
   title =     {Quantum mechanics. An introduction},
   author =    {W. Greiner, D.A. Bromley},
   publisher = {Springer},
   isbn =      {3540674586,9783540674580},
   year =      {2000},
   series =    {Research Reports Esprit},
   edition =   {4th},
   volume =    {},
}

@book{baym-quantum-mechanics,
   title =     {Lectures on quantum mechanics},
   author =    {G. Baym},
   publisher = {Westview Press},
   year =      {1974},
   edition =   {},
   volume =    {}
}

@book{mcquarrie-statistical-mechanics,
   title =     {Statistical Mechanics},
   author =    {D. A. McQuarrie},
   publisher = {Harper \& Row},
   isbn =      {},
   year =      {1976},
   series =    {},
   edition =   {},
   volume =    {},
}

@book{landau-volume1,
   title =     {Теоретическая физика. Том 1. Механика},
   author =    {Ландау Л.Д., Лифшиц Е.М.},
   publisher = {ФМЛ},
   year =      {2003},
   series =    {},
   volume =    {},
}

@book{landau-volume2,
   title =     {Теоретическая физика. Том 2. Теория поля},
   author =    {Ландау Л.Д., Лифшиц Е.М.},
   publisher = {ФМЛ},
   year =      {2003},
   series =    {},
   volume =    {},
}

@article{gordon1968,
  title={Correlation functions for molecular motion},
  author={R. G. Gordon},
  booktitle={Advances in Magnetic and Optical Resonance},
  volume={3},
  pages={1--42},
  year={1968},
  publisher={Elsevier}
}

@article{shimizu1965,
  title={Time-Correlation Function of Molecular Random Motion and Shape of Spectral Bands},
  author={Shimizu, Hiroshi},
  journal={The Journal of Chemical Physics},
  volume={43},
  number={7},
  pages={2453--2465},
  year={1965},
}

@article{zwanzig1965,
  title={Time-correlation functions and transport coefficients in statistical mechanics},
  author={Zwanzig, Robert},
  journal={Annual Review of Physical Chemistry},
  volume={16},
  number={1},
  pages={67--102},
  year={1965},
  publisher={Annual Reviews 4139 El Camino Way, PO Box 10139, Palo Alto, CA 94303-0139, USA}
}

@book{nitzan2006,
   title =     {Chemical dynamics in condensed phases: relaxation, transfer and reactions in condensed molecular systems},
   author =    {Abraham Nitzan},
   publisher = {Oxford University Press},
   year =      {2006},
   series =    {Oxford graduate texts},
   edition =   {illustrated edition},
   volume =    {},
}

@book{frommhold,
  title={Collision-induced absorption in gases},
  author={Frommhold, Lothar},
  year={2006},
  publisher={Cambridge University Press}
}

@article{kranendonk1973,
  title={Theory of the line shape in quadrupole-induced infrared spectra},
  author={Kranendonk, J Van and Gass, DM},
  journal={Canadian Journal of Physics},
  volume={51},
  number={23},
  pages={2428--2440},
  year={1973},
  publisher={NRC Research Press}
}

@book{goldstein,
  title={Classical mechanics},
  author={Goldstein, Herbert and Poole, Charles and Safko, John},
  year={2002},
  publisher={AAPT}
}

@book{hill,
   title =     {Statistical mechanics},
   author =    {Terrell L. Hill},
   publisher = {Dover Publications},
   year =      {1987},
}

@book{castaneda,
   title =     {Introduction to Probability and Stochastic Processes with Applications},
   author =    {Liliana Blanco Castaneda, Viswanathan Arunachalam, Selvamuthu Dharmaraja(auth.)},
   publisher = {},
   year =      {2012},
   series =    {},
   edition =   {},
   volume =    {},
}

@article{bosomworth1965_part1,
  title={Collision-induced absorption of compressed gases in the far infrared, Part I},
  author={Bosomworth, DR and Gush, HP},
  journal={Canadian Journal of Physics},
  volume={43},
  number={5},
  pages={729--750},
  year={1965},
  publisher={NRC Research Press}
}

@article{bosomworth1965_part2,
  title={Collision-induced absorption of compressed gases in the far infrared, Part II},
  author={Bosomworth, DR and Gush, HP},
  journal={Canadian Journal of Physics},
  volume={43},
  number={5},
  pages={751--769},
  year={1965},
  publisher={NRC Research Press}
}

@article{kiss1959,
  title={Pressure-induced infrared absorption of mixtures of rare gases},
  author={Kiss, ZJ and Welsh, HL},
  journal={Physical Review Letters},
  volume={2},
  number={4},
  pages={166},
  year={1959},
  publisher={APS}
}

@article{mcquarrie1968,
  title={Calculated Collision-Induced Absorption Spectrum for He--Ar},
  author={McQuarrie, DA and Bernstein, RB},
  journal={The Journal of Chemical Physics},
  volume={49},
  number={4},
  pages={1958--1963},
  year={1968},
  publisher={AIP}
}

@article{levine1967,
  title={Classical theory of collision-induced absorption in rare-gas mixtures},
  author={Levine, Howard B and Birnbaum, George},
  journal={Physical Review},
  volume={154},
  number={1},
  pages={86},
  year={1967},
  publisher={APS}
}

@article{sharma1975,
  title={Collision-induced absorption in He-Ar mixture},
  author={Sharma, Ramesh D and Hart, Robert R},
  journal={Physical Review A},
  volume={12},
  number={1},
  pages={85},
  year={1975},
  publisher={APS}
}

@article{meyer1986,
  title={Ab initio calculation of the dipole moment of He-Ar and the collision-induced absorption spectra},
  author={Meyer, Wilfried and Frommhold, Lothar},
  journal={Physical Review A},
  volume={33},
  number={6},
  pages={3807},
  year={1986},
  publisher={APS}
}

@article{lopez2004,
  title={Coupled cluster calculations of the ground state potential and interaction induced electric properties of the mixed dimers of helium, neon and argon},
  author={L{\'o}pez Cacheiro, Javier and Fern{\'a}ndez, Berta and Marchesan, Domenico and Coriani, Sonia and H{\"a}ttig, Christof and Rizzo, Antonio},
  journal={Molecular Physics},
  volume={102},
  number={1},
  pages={101--110},
  year={2004},
  publisher={Taylor \& Francis}
}

@article{giece2003,
    author = {Giese,Timothy J.  and Audette,Vanessa M.  and York,Darrin M. },
    title = {Examination of the correlation energy and second virial coefficients from accurate ab initio calculations of rare-gas dimers},
    journal = {The Journal of Chemical Physics},
    volume = {119},
    number = {5},
    pages = {2618-2622},
    year = {2003},
}




